<?xml version="1.0" encoding="UTF-8"?><collection xmlns="http://www.loc.gov/MARC21/slim"><record><leader>00351nam--2200109-i-4500</leader><controlfield tag="001">000018824</controlfield><controlfield tag="002">20161230</controlfield><controlfield tag="005">20161230201032</controlfield><controlfield tag="008">060222s1000------------r-----000-0-eng-d</controlfield><datafield ind1=" " ind2=" " tag="245"><subfield code="a">3-e congres international de cybernetique namur, 11-15 septembre 1961.actes</subfield></datafield><datafield ind1=" " ind2=" " tag="260"><subfield code="a">Namur, Association Internationale De Cybernetique, 1965. Xxxiii + 972 P</subfield></datafield><datafield ind1=" " ind2=" " tag="852"><subfield code="a">22372</subfield></datafield></record></collection>